%---------------------------------------------------------------------------%
%-                                                                         -%
%-                             Bibliography                                -%
%-                                                                         -%
%---------------------------------------------------------------------------%
@inproceedings{hudson1979discontinuities,
	title={Discontinuities and rock mass geometry},
	author={Hudson, JA and Priest, SD},
	booktitle={International Journal of Rock Mechanics and Mining Sciences \& Geomechanics Abstracts},
	volume={16},
	number={6},
	pages={339--362},
	year={1979},
	organization={Elsevier}
}
@article{zhang2003time,
	title={Time series forecasting using a hybrid ARIMA and neural network model},
	author={Zhang, G Peter},
	journal={Neurocomputing},
	volume={50},
	pages={159--175},
	year={2003},
	publisher={Elsevier}
}

@inproceedings{warburton1980stereological,
	title={A stereological interpretation of joint trace data},
	author={Warburton, PM},
	booktitle={International Journal of Rock Mechanics and Mining Sciences \& Geomechanics Abstracts},
	volume={17},
	number={4},
	pages={181--190},
	year={1980},
	organization={Elsevier}
}

@article{page1977approximations,
	title={Approximations to the cumulative normal function and its inverse for use on a pocket calculator},
	author={Page, E},
	journal={Journal of the Royal Statistical Society: Series C (Applied Statistics)},
	volume={26},
	number={1},
	pages={75--76},
	year={1977},
	publisher={Wiley Online Library}
}

@article{fisher1953dispersion,
	title={Dispersion on a sphere},
	author={Fisher, Ronald Aylmer},
	journal={Proceedings of the Royal Society of London. Series A. Mathematical and Physical Sciences},
	volume={217},
	number={1130},
	pages={295--305},
	year={1953},
	publisher={The Royal Society London}
}


@inproceedings{montana1989training,
	title={Training Feedforward Neural Networks Using Genetic Algorithms.},
	author={Montana, David J and Davis, Lawrence},
	booktitle={IJCAI},
	volume={89},
	pages={762--767},
	year={1989}
}

@article{de1992some,
	title={Some recent developments in non-linear time series modelling, testing, and forecasting},
	author={De Gooijer, Jan G and Kumar, Kuldeep},
	journal={International Journal of Forecasting},
	volume={8},
	number={2},
	pages={135--156},
	year={1992},
	publisher={Elsevier}
}

@article{box1994time,
	title={Time Series Analysis: Forecasting and Control},
	author={Box, George Edward Pelham and Jenkins, Gwilym M},
	year={1994},
	publisher={Prentice Hall PTR}
}

@article{陆峰2010fisher,
	kwy={Lu Feng},
	title={Fisher 模型在岩体裂隙面模拟中的应用},
	author={陆峰 and 王俊奇},
	journal={中国水利水电科学研究院学报},
	volume={8},
	number={4},
	pages={309r313},
	year={2010}
}

@book{priest2012discontinuity,
	title={Discontinuity analysis for rock engineering},
	author={Priest, Stephen Donald},
	year={2012},
	publisher={Springer Science \& Business Media}
}

@article{schroeder2000visualizing,
	title={Visualizing with VTK: a tutorial},
	author={Schroeder, William J and Avila, Lisa Sobierajski and Hoffman, William},
	journal={IEEE Computer graphics and applications},
	volume={20},
	number={5},
	pages={20--27},
	year={2000},
	publisher={IEEE}
}

@book{avila2010vtk,
	title={The VTK user's guide},
	author={Avila, Lisa S and Barre, Sebastien and Blue, Rusty and Geveci, Berk and Henderson, Amy and Hoffman, William A and King, Brad and Law, C Charles and Martin, Kenneth M and Schroeder, William J},
	year={2010},
	publisher={Kitware New York}
}



